<collection>
<record>
<leader>05324cpcaa22008897a 4500</leader>
<controlfield tag="001">13517857</controlfield>
<controlfield tag="005">20240830132910.0</controlfield>
<controlfield tag="007">st omndmbi|||e</controlfield>
<controlfield tag="008">040310i19781978xxu eng </controlfield>
<datafield ind1=" " ind2=" " tag="906">
<subfield code="a">7</subfield>
<subfield code="b">cbc</subfield>
<subfield code="c">orignew</subfield>
<subfield code="d">1</subfield>
<subfield code="e">ncip</subfield>
<subfield code="f">19</subfield>
<subfield code="g">y-folklife</subfield>
</datafield>
<datafield ind1=" " ind2=" " tag="955">
<subfield code="a">
mfor ?-96; shal 10-14-99; cker 02-02-00; kblu 02-04-00; mkru 2004-03-17; mkru 2004-05-25; mkru 2005-07-11; mkru 2011-02-17
</subfield>
<subfield code="a">mkru 2013-08-27</subfield>
<subfield code="a">mkru 2015-12-15</subfield>
<subfield code="a">mseg 2017-07-08</subfield>
<subfield code="a">mseg 2017-07-11</subfield>
<subfield code="a">mseg 2021-03-05</subfield>
<subfield code="a">masmit 2024-08-30</subfield>
</datafield>
<datafield ind1=" " ind2=" " tag="010">
<subfield code="a"> 2004695012</subfield>
</datafield>
<datafield ind1=" " ind2=" " tag="035">
<subfield code="a">afc96000020</subfield>
</datafield>
<datafield ind1=" " ind2=" " tag="040">
<subfield code="a">DLC</subfield>
<subfield code="c">DLC</subfield>
<subfield code="e">appm</subfield>
<subfield code="d">DLC</subfield>
</datafield>
<datafield ind1="0" ind2=" " tag="041">
<subfield code="a">eng</subfield>
<subfield code="d">eng</subfield>
<subfield code="d">ara</subfield>
<subfield code="d">fre</subfield>
<subfield code="d">gle</subfield>
</datafield>
<datafield ind1=" " ind2=" " tag="043">
<subfield code="a">n-us---</subfield>
<subfield code="a">n-cn---</subfield>
<subfield code="a">aw-----</subfield>
</datafield>
<datafield ind1=" " ind2=" " tag="090">
<subfield code="a">AFS 19281-19282</subfield>
</datafield>
<datafield ind1=" " ind2=" " tag="090">
<subfield code="a">
LWO 12188 R1-2; LWO 12216 R1-2; LWO 12226 R1-2; LWO 12294 R1-2; LWO 12332 R1-2; LWO 12388 R1-2; LWO 12421 R1-2 (preservation masters)
</subfield>
</datafield>
<datafield ind1=" " ind2=" " tag="090">
<subfield code="a">AFC 1978/004</subfield>
</datafield>
<datafield ind1="0" ind2="0" tag="245">
<subfield code="a">1978 Neptune Plaza Concert Series collection,</subfield>
<subfield code="f">1978 /</subfield>
<subfield code="c">
sponsored by the American Folklife Center ; assisted by the National Council for the Traditional Arts.
</subfield>
</datafield>
<datafield ind1="0" ind2=" " tag="246">
<subfield code="a">American Folklife Center concert, 1978</subfield>
</datafield>
<datafield ind1=" " ind2=" " tag="300">
<subfield code="3">manuscripts</subfield>
<subfield code="a">8</subfield>
<subfield code="f">folders.</subfield>
</datafield>
<datafield ind1=" " ind2=" " tag="300">
<subfield code="3">sound recordings</subfield>
<subfield code="a">13 sound tape reels :</subfield>
<subfield code="b">analog, 7 1/2 ips, double track, mono. ;</subfield>
<subfield code="c">10 in.</subfield>
</datafield>
<datafield ind1=" " ind2=" " tag="300">
<subfield code="3">graphic materials</subfield>
<subfield code="a">ca. 400 photographs :</subfield>
<subfield code="b">black and white, color.</subfield>
</datafield>
<datafield ind1=" " ind2="0" tag="440">
<subfield code="a">Neptune Plaza concert series</subfield>
</datafield>
<datafield ind1=" " ind2=" " tag="500">
<subfield code="a">
Photographs include black and white negatives, contact sheets, photographic prints, and color slides taken by photographers Carl Fleischhauer, Paula Johnson, and Howard W. Marshall.
</subfield>
</datafield>
<datafield ind1=" " ind2=" " tag="520">
<subfield code="a">
Documentation of the monthly 1978 Neptune Plaza Concert Series, which consists of manuscript materials, sound recordings, and photographs of performances of Irish music, French-Canadian folk music and contradance, Arab music and dance, bluegrass music, zydeco music, country music, and gospel music recorded live outdoors on Neptune Plaza in front of the Thomas Jefferson Building, Library of Congress, at concerts from April through September 1978, sponsored by the American Folklife Center and the National Council for the Traditional Arts.
</subfield>
</datafield>
<datafield ind1="0" ind2=" " tag="505">
<subfield code="a">
April 28: Joe and Antoinette McKenna, Ireland (Irish) -- May 11: Graham Townsend and Maple Sugar, Canada (French-Canadian) -- May 25: The Arabic Dancers, musicians, stick dancers, and belly dancers (Middle Eastern) -- June 29: Buck White and the Down Home Boys (Bluegrass and Country Music) -- July 27: The Lawtell Playboys (Louisiana Zydeco) -- August 31: John Ashby and the Old Time Virginia String Band (Old-Time Music) -- September 28: Mentrotone Baptist Church Singers (Gospel).
</subfield>
</datafield>
<datafield ind1="8" ind2=" " tag="524">
<subfield code="a">
1978 Neptune Plaza Concert Series collection (AFC 1978/004), American Folklife Center, Library of Congress, Washington, D.C.
</subfield>
</datafield>
<datafield ind1="1" ind2=" " tag="506">
<subfield code="a">
Collection is open for research; some materials may be stored offsite. To request materials, please contact the Folklife Reading Room at
</subfield>
<subfield code="u">https://hdl.loc.gov/loc.afc/folklife.contact</subfield>
</datafield>
<datafield ind1=" " ind2=" " tag="540">
<subfield code="a">
Duplication of the recorded materials may be governed by copyright and other restrictions.
</subfield>
</datafield>
<datafield ind1=" " ind2=" " tag="546">
<subfield code="3">Sound recordings</subfield>
<subfield code="a">in English, French, Gaelic, and Arabic.</subfield>
</datafield>
<datafield ind1="0" ind2=" " tag="555">
<subfield code="a">
Finding aid is available in the Folklife Reading Room and online
</subfield>
<subfield code="u">https://hdl.loc.gov/loc.afc/eadafc.af011001</subfield>
</datafield>
<datafield ind1=" " ind2="0" tag="650">
<subfield code="a">Folk music</subfield>
<subfield code="z">United States.</subfield>
</datafield>
<datafield ind1=" " ind2="0" tag="650">
<subfield code="a">French-Canadians</subfield>
<subfield code="v">Music.</subfield>
</datafield>
<datafield ind1=" " ind2="0" tag="650">
<subfield code="a">Arabs</subfield>
<subfield code="v">Music.</subfield>
</datafield>
<datafield ind1=" " ind2="0" tag="650">
<subfield code="a">Arab Americans</subfield>
<subfield code="z">Virginia</subfield>
<subfield code="v">Music.</subfield>
</datafield>
<datafield ind1=" " ind2="0" tag="650">
<subfield code="a">African Americans</subfield>
<subfield code="z">Washington (D.C.)</subfield>
<subfield code="v">Music.</subfield>
</datafield>
<datafield ind1=" " ind2="0" tag="650">
<subfield code="a">African Americans</subfield>
<subfield code="z">Louisiana</subfield>
<subfield code="v">Music.</subfield>
</datafield>
<datafield ind1=" " ind2="0" tag="650">
<subfield code="a">Zydeco music</subfield>
<subfield code="z">Louisiana.</subfield>
</datafield>
<datafield ind1=" " ind2="0" tag="650">
<subfield code="a">Gospel music</subfield>
<subfield code="z">Washington (D.C.)</subfield>
</datafield>
<datafield ind1=" " ind2="0" tag="650">
<subfield code="a">Bluegrass music</subfield>
<subfield code="z">Tennessee.</subfield>
</datafield>
<datafield ind1=" " ind2="0" tag="650">
<subfield code="a">Bluegrass music</subfield>
<subfield code="y">1971-1980.</subfield>
</datafield>
<datafield ind1=" " ind2="0" tag="650">
<subfield code="a">Country music</subfield>
<subfield code="z">Virginia.</subfield>
</datafield>
<datafield ind1=" " ind2="0" tag="650">
<subfield code="a">Old-time music</subfield>
<subfield code="z">Virginia.</subfield>
</datafield>
<datafield ind1=" " ind2="0" tag="650">
<subfield code="a">String band music</subfield>
<subfield code="z">Virginia.</subfield>
</datafield>
<datafield ind1=" " ind2="0" tag="650">
<subfield code="a">Folk music</subfield>
<subfield code="z">Ireland.</subfield>
</datafield>
<datafield ind1=" " ind2="0" tag="650">
<subfield code="a">Folk music</subfield>
<subfield code="z">Canada.</subfield>
</datafield>
<datafield ind1=" " ind2="0" tag="650">
<subfield code="a">Folk songs, English</subfield>
<subfield code="z">United States.</subfield>
</datafield>
<datafield ind1=" " ind2="0" tag="650">
<subfield code="a">Folk dance music</subfield>
<subfield code="z">Canada.</subfield>
</datafield>
<datafield ind1=" " ind2="0" tag="650">
<subfield code="a">Folk dance music</subfield>
<subfield code="z">Ireland.</subfield>
</datafield>
<datafield ind1=" " ind2="0" tag="650">
<subfield code="a">Folk songs, English</subfield>
<subfield code="z">Ireland.</subfield>
</datafield>
<datafield ind1=" " ind2="0" tag="650">
<subfield code="a">Folk songs, Irish</subfield>
<subfield code="z">Ireland.</subfield>
</datafield>
<datafield ind1=" " ind2="0" tag="650">
<subfield code="a">Folk songs, French</subfield>
<subfield code="z">Louisiana.</subfield>
</datafield>
<datafield ind1=" " ind2="0" tag="650">
<subfield code="a">Belly dance.</subfield>
</datafield>
<datafield ind1=" " ind2="0" tag="650">
<subfield code="a">Belly dance music.</subfield>
</datafield>
<datafield ind1=" " ind2="0" tag="650">
<subfield code="a">Dance</subfield>
<subfield code="z">Middle East.</subfield>
</datafield>
<datafield ind1=" " ind2="7" tag="655">
<subfield code="a">Sound recordings.</subfield>
<subfield code="2">lcgft</subfield>
</datafield>
<datafield ind1=" " ind2="7" tag="655">
<subfield code="a">Manuscripts.</subfield>
<subfield code="2">aat</subfield>
</datafield>
<datafield ind1=" " ind2="7" tag="655">
<subfield code="a">Photographic prints.</subfield>
<subfield code="2">aat</subfield>
</datafield>
<datafield ind1=" " ind2="7" tag="655">
<subfield code="a">Color slides.</subfield>
<subfield code="2">aat</subfield>
</datafield>
<datafield ind1="1" ind2=" " tag="700">
<subfield code="a">McKenna, Joe,</subfield>
<subfield code="e">performer.</subfield>
</datafield>
<datafield ind1="1" ind2=" " tag="700">
<subfield code="a">McKenna, Antoinette,</subfield>
<subfield code="e">performer.</subfield>
</datafield>
<datafield ind1="1" ind2=" " tag="700">
<subfield code="a">Townsend, Graham,</subfield>
<subfield code="e">performer.</subfield>
</datafield>
<datafield ind1="1" ind2=" " tag="700">
<subfield code="a">White, Buck,</subfield>
<subfield code="e">performer.</subfield>
</datafield>
<datafield ind1="1" ind2=" " tag="700">
<subfield code="a">Ashby, John,</subfield>
<subfield code="d">1915-1979,</subfield>
<subfield code="e">performer.</subfield>
</datafield>
<datafield ind1="2" ind2=" " tag="710">
<subfield code="a">Lawtell Playboys,</subfield>
<subfield code="e">performer.</subfield>
</datafield>
<datafield ind1="2" ind2=" " tag="710">
<subfield code="a">Mentrotone Baptist Church Singers,</subfield>
<subfield code="e">performer.</subfield>
</datafield>
<datafield ind1="2" ind2=" " tag="710">
<subfield code="a">American Folklife Center,</subfield>
<subfield code="e">sponsor.</subfield>
</datafield>
<datafield ind1="2" ind2=" " tag="710">
<subfield code="a">Archive of Folk Culture (Library of Congress),</subfield>
<subfield code="e">collector.</subfield>
</datafield>
<datafield ind1="2" ind2=" " tag="710">
<subfield code="a">National Council for the Traditional Arts,</subfield>
<subfield code="e">sponsor.</subfield>
</datafield>
<datafield ind1=" " ind2=" " tag="852">
<subfield code="a">Library of Congress</subfield>
<subfield code="b">American Folklife Center,</subfield>
<subfield code="e">
101 Independence Ave. S.E., Washington, DC USA 20540-4610
</subfield>
<subfield code="u">https://hdl.loc.gov/loc.afc/folklife.home</subfield>
</datafield>
<datafield ind1="4" ind2="2" tag="856">
<subfield code="3">Finding aid</subfield>
<subfield code="u">https://hdl.loc.gov/loc.afc/eadafc.af011001</subfield>
</datafield>
<datafield ind1=" " ind2=" " tag="985">
<subfield code="a">AFC/1978 Neptune Plaza</subfield>
<subfield code="e">DHC</subfield>
</datafield>
<datafield ind1=" " ind2=" " tag="985">
<subfield code="a">afc/ead</subfield>
</datafield>
<datafield ind1=" " ind2=" " tag="985">
<subfield code="a">afc/coll</subfield>
</datafield>
<datafield ind1=" " ind2=" " tag="985">
<subfield code="a">afc/event</subfield>
</datafield>
</record>
</collection>